<?xml version="1.0" encoding="UTF-8"?><record xmlns="http://www.loc.gov/MARC21/slim" xmlns:cinclude="http://apache.org/cocoon/include/1.0" xmlns:zs="http://www.loc.gov/zing/srw/">
  <leader>00790cz  a2200205n  4500</leader>
  <controlfield tag="001">n  97096809 </controlfield>
  <controlfield tag="003">DLC</controlfield>
  <controlfield tag="005">19971010150056.6</controlfield>
  <controlfield tag="008">970924n| acaaaaaa|          |a ana |||  </controlfield>
  <datafield tag="010" ind1=" " ind2=" ">
    <subfield code="a">n  97096809 </subfield>
  </datafield>
  <datafield tag="040" ind1=" " ind2=" ">
    <subfield code="a">DLC</subfield>
    <subfield code="c">DLC</subfield>
    <subfield code="d">DLC</subfield>
  </datafield>
  <datafield tag="130" ind1=" " ind2="0">
    <subfield code="a">Collana di monografie degli "Annali di storia pavese"</subfield>
  </datafield>
  <datafield tag="430" ind1=" " ind2="0">
    <subfield code="a">Annali di storia pavese.</subfield>
    <subfield code="p">Collana di monografie</subfield>
  </datafield>
  <datafield tag="410" ind1="1" ind2="0">
    <subfield code="a">Pavia (Italy : Province).</subfield>
    <subfield code="b">Amministrazione provinciale.</subfield>
    <subfield code="t">Collana di monografie degli "Annali di storia pavese"</subfield>
  </datafield>
  <datafield tag="642" ind1=" " ind2=" ">
    <subfield code="a">n. 4</subfield>
    <subfield code="5">DLC</subfield>
  </datafield>
  <datafield tag="643" ind1=" " ind2=" ">
    <subfield code="a">Pavia</subfield>
    <subfield code="b">Amministrazione provinciale di Pavia</subfield>
    <subfield code="a">Milano</subfield>
    <subfield code="b">La Pietra</subfield>
  </datafield>
  <datafield tag="644" ind1=" " ind2=" ">
    <subfield code="a">f</subfield>
    <subfield code="5">DLC</subfield>
  </datafield>
  <datafield tag="645" ind1=" " ind2=" ">
    <subfield code="a">t</subfield>
    <subfield code="5">DLC</subfield>
  </datafield>
  <datafield tag="646" ind1=" " ind2=" ">
    <subfield code="a">s</subfield>
    <subfield code="5">DLC</subfield>
  </datafield>
  <datafield tag="670" ind1=" " ind2=" ">
    <subfield code="a">La cultura delle riforme in Italia fra Otto e Novecento, c1986:</subfield>
    <subfield code="b">ser. t.p. (Collana di monografie degli "Annali di storia pavese")</subfield>
  </datafield>
</record>